
@misc{polterovich,
      title={Topological Persistence in Geometry and Analysis}, 
      author={Leonid Polterovich and Daniel Rosen and Karina Samvelyan and Jun Zhang},
      year={2021},
      eprint={1904.04044},
      archivePrefix={arXiv},
      primaryClass={math.AT}
}