@book{topologyvialogic,
author = {Vickers, Steven},
title = {Topology via Logic},
year = {1989},
isbn = {0521360625},
publisher = {Cambridge University Press},
address = {USA}
}
@misc{measurement,
    title={Measurement spaces},
    author={Pedro Resende},
    year={2020},
    eprint={2005.00933},
    archivePrefix={arXiv},
    primaryClass={math-ph}
}

@book{leesmooth,
  title={Introduction to Smooth Manifolds},
  author={Lee, J.M.},
  isbn={9780387217529},
  lccn={2002070454},
  series={Graduate Texts in Mathematics},
  url={https://books.google.pt/books?id=w4bhBwAAQBAJ},
  year={2013},
  publisher={Springer New York}
}
