@book {fltc,
    AUTHOR = {Sernadas, Am\'{\i}lcar and Sernadas, Cristina},
     TITLE = {Foundations of logic and theory of computation},
    SERIES = {Texts in Computing},
    VOLUME = {10},
 PUBLISHER = {College Publications, London},
      YEAR = {2008},
     PAGES = {xii+337},
      ISBN = {978-1-904987-88-8},
   MRCLASS = {03-01 (03B70 68-01 68Q01)},
  MRNUMBER = {2723358},
}


@book {shoenfield,
    AUTHOR = {Shoenfield, Joseph R.},
     TITLE = {Mathematical logic},
 PUBLISHER = {Addison-Wesley Publishing Co., Reading, Mass.-London-Don
              Mills, Ont.},
      YEAR = {1967},
     PAGES = {viii+344},
   MRCLASS = {02.00},
  MRNUMBER = {0225631},
MRREVIEWER = {G. Kreisel},
}

@book {perko,
    AUTHOR = {Perko, Lawrence},
     TITLE = {Differential equations and dynamical systems},
    SERIES = {Texts in Applied Mathematics},
    VOLUME = {7},
   EDITION = {Third},
 PUBLISHER = {Springer-Verlag, New York},
      YEAR = {2001},
     PAGES = {xiv+553},
      ISBN = {0-387-95116-4},
   MRCLASS = {34-01 (34Cxx 37-01 37C10)},
  MRNUMBER = {1801796},
MRREVIEWER = {Vladimir Sh. Burd},
       DOI = {10.1007/978-1-4613-0003-8},
       URL = {https://doi.org/10.1007/978-1-4613-0003-8},
}

@book {bliss,
    AUTHOR = {Bliss, Gilbert A.},
     TITLE = {Lectures on the {C}alculus of {V}ariations},
 PUBLISHER = {University of Chicago Press, Chicago, Ill.},
      YEAR = {1946},
     PAGES = {ix+296},
   MRCLASS = {49.0X},
  MRNUMBER = {0017881},
MRREVIEWER = {O. Frink},
}

@book {brunt,
    AUTHOR = {van Brunt, Bruce},
     TITLE = {The calculus of variations},
    SERIES = {Universitext},
 PUBLISHER = {Springer-Verlag, New York},
      YEAR = {2004},
     PAGES = {xiv+290},
      ISBN = {0-387-40247-0},
   MRCLASS = {49-01 (49J05 49K05 70H25)},
  MRNUMBER = {2004181},
MRREVIEWER = {Zvi Artstein},
       DOI = {10.1007/b97436},
       URL = {https://doi.org/10.1007/b97436},
}

@book {gelfandfomin,
    AUTHOR = {Gelfand, I. M. and Fomin, S. V.},
     TITLE = {Calculus of variations},
      NOTE = {Revised English edition translated and edited by Richard A.
              Silverman},
 PUBLISHER = {Prentice-Hall, Inc., Englewood Cliffs, N.J.},
      YEAR = {1963},
     PAGES = {vii+232},
   MRCLASS = {49.00},
  MRNUMBER = {0160139},
MRREVIEWER = {W. H. Fleming},
}

@book{goldstein,
  added-at = {2011-08-23T10:21:40.000+0200},
  author = {Goldstein, Herbert},
  biburl = {https://www.bibsonomy.org/bibtex/214fd8bdf635378c1cb0259b598386bde/jgurian},
  groups = {public},
  interhash = {6d2dd3d33491ec62a06fc5210c7983d6},
  intrahash = {14fd8bdf635378c1cb0259b598386bde},
  keywords = {},
  mendeley-groups = {Complete Library},
  publisher = {Addison-Wesley},
  timestamp = {2011-08-23T10:21:40.000+0200},
  title = {Classical Mechanics},
  username = {jgurian},
  year = 1980
}

@article {blissmayer,
    AUTHOR = {Bliss, Gilbert Ames},
     TITLE = {The problem of {M}ayer with variable end points},
   JOURNAL = {Trans. Amer. Math. Soc.},
  FJOURNAL = {Transactions of the American Mathematical Society},
    VOLUME = {19},
      YEAR = {1918},
    NUMBER = {3},
     PAGES = {305--314},
      ISSN = {0002-9947},
   MRCLASS = {49K05},
  MRNUMBER = {1501104},
       DOI = {10.2307/1988956},
       URL = {https://doi.org/10.2307/1988956},
}

@misc{haskisnotcat,
 	title={Hask is not a category},
 	url={http://math.andrej.com/2016/08/06/hask-is-not-a-category/},
 	howpublished = "\url{http://math.andrej.com/2016/08/06/hask-is-not-a-category/}",
 	author={Bauer, Andrej}
} 

@misc{parametric,
 	title={Parametricity: Money for Nothing and Theorems for Free},
 	url={https://bartoszmilewski.com/2014/09/22/parametricity-money-for-nothing-and-theorems-for-free/},
 	howpublished = "\url{https://bartoszmilewski.com/2014/09/22/parametricity-money-for-nothing-and-theorems-for-free/}",
 	author={Milewski, Bartosz}
} 

@article{markjones,
  title={A system of constructor classes: overloading and implicit higher-order polymorphism},
  author={Jones, Mark P},
  journal={Journal of functional programming},
  volume={5},
  number={1},
  pages={1--35},
  year={1995},
  publisher={Cambridge University Press}
}

@inproceedings{theoremsforfree,
  title={Theorems for free!},
  author={Wadler, Philip},
  booktitle={Proceedings of the fourth international conference on Functional programming languages and computer architecture},
  pages={347--359},
  year={1989}
}