
@article{survey,
	title = {The uncertainty principle: {A} mathematical survey},
	volume = {3},
	issn = {1069-5869, 1531-5851},
	shorttitle = {The uncertainty principle},
	url = {http://link.springer.com/10.1007/BF02649110},
	doi = {10.1007/BF02649110},
	language = {en},
	number = {3},
	urldate = {2020-07-16},
	journal = {The Journal of Fourier Analysis and Applications},
	author = {Folland, Gerald B. and Sitaram, Alladi},
	month = may,
	year = {1997},
	pages = {207--238}
}

@misc{pinsky,
	title = {{Introduction} to {Fourier} {Analysis} and {Wavelets}},
	author = {Pinsky, M.A.},
	shorttitle = {Pinsky},
	url = {https://www.ams.org/publications/authors/books/postpub/gsm-102},
	abstract = {Advancing research. Creating connections.},
	language = {en},
	urldate = {2020-07-16},
	journal = {American Mathematical Society}
}

@article{faris,
	title = {Inequalities and uncertainty principles},
	volume = {19},
	issn = {0022-2488},
	url = {https://aip.scitation.org/doi/10.1063/1.523667},
	doi = {10.1063/1.523667},
	number = {2},
	urldate = {2020-07-16},
	journal = {Journal of Mathematical Physics},
	author = {Faris, William G.},
	month = feb,
	year = {1978},
	pages = {461--466}
}

@article{cp,
	title = {Bandwidth {Versus} {Time} {Concentration}: {The} {Heisenberg}–{Pauli}–{Weyl} {Inequality}},
	volume = {15},
	issn = {0036-1410},
	shorttitle = {Bandwidth {Versus} {Time} {Concentration}},
	url = {https://epubs.siam.org/doi/abs/10.1137/0515012},
	doi = {10.1137/0515012},
	number = {1},
	urldate = {2020-07-16},
	journal = {SIAM Journal on Mathematical Analysis},
	author = {Cowling, Michael G. and Price, John F.},
	month = jan,
	year = {1984},
	pages = {151--165}
}

@book{rauch,
	address = {New York},
	series = {Graduate {Texts} in {Mathematics}},
	title = {Partial {Differential} {Equations}},
	isbn = {9780387974729},
	url = {https://www.springer.com/gp/book/9780387974729},
	language = {en},
	urldate = {2020-07-16},
	publisher = {Springer-Verlag},
	author = {Rauch, Jeffrey},
	year = {1991},
	doi = {10.1007/978-1-4612-0953-9}
}

@book{dmk,
	title = {Fourier {Series} and {Integrals}},
	isbn = {9780122264511},
	language = {en},
	publisher = {Academic Press},
	author = {Dym, Harry and McKean, Henry P.},
	year = {1972}
}