
@misc{polterovich,
      title={Topological Persistence in Geometry and Analysis}, 
      author={Leonid Polterovich and Daniel Rosen and Karina Samvelyan and Jun Zhang},
      year={2021},
      eprint={1904.04044},
      archivePrefix={arXiv},
      primaryClass={math.AT}
}

@book{milnor,
  title={Morse Theory.(AM-51), Volume 51},
  author={Milnor, John},
  year={2016},
  publisher={Princeton university press}
}

@book{audin,
  title={Morse theory and Floer homology},
  author={Audin, Michele and Damian, Mihai and Ern{\'e}, Reinie},
  year={2014},
  publisher={Springer}
}

@article {hwz,
    AUTHOR = {Hofer, H. and Wysocki, K. and Zehnder, E.},
     TITLE = {Finite energy foliations of tight three-spheres and
              {H}amiltonian dynamics},
   JOURNAL = {Ann. of Math. (2)},
  FJOURNAL = {Annals of Mathematics. Second Series},
    VOLUME = {157},
      YEAR = {2003},
    NUMBER = {1},
     PAGES = {125--255},
      ISSN = {0003-486X},
   MRCLASS = {53D35 (37C27 37C85 37J05 57R30)},
  MRNUMBER = {1954266},
MRREVIEWER = {Kai Cieliebak},
       DOI = {10.4007/annals.2003.157.125},
       URL = {https://doi.org/10.4007/annals.2003.157.125},
}

@incollection {hoferkriener,
    AUTHOR = {Hofer, Helmut and Kriener, Markus},
     TITLE = {Holomorphic curves in contact dynamics},
 BOOKTITLE = {Differential equations: {L}a {P}ietra 1996 ({F}lorence)},
    SERIES = {Proc. Sympos. Pure Math.},
    VOLUME = {65},
     PAGES = {77--131},
 PUBLISHER = {Amer. Math. Soc., Providence, RI},
      YEAR = {1999},
   MRCLASS = {53D35 (32Q65)},
  MRNUMBER = {1662750},
MRREVIEWER = {Karl Friedrich Siburg},
       DOI = {10.1090/pspum/065/1662750},
       URL = {https://doi.org/10.1090/pspum/065/1662750},
}

@book{leetopological,
  title={Introduction to topological manifolds},
  author={Lee, John},
  volume={202},
  year={2010},
  publisher={Springer Science \& Business Media}
}

@article{schwarz,
  title={On the action spectrum for closed symplectically aspherical manifolds},
  author={Schwarz, Matthias},
  journal={Pacific Journal of Mathematics},
  volume={193},
  number={2},
  pages={419--461},
  year={2000},
  publisher={Mathematical Sciences Publishers}
}