@book {fltc,
    AUTHOR = {Sernadas, Am\'{\i}lcar and Sernadas, Cristina},
     TITLE = {Foundations of logic and theory of computation},
    SERIES = {Texts in Computing},
    VOLUME = {10},
 PUBLISHER = {College Publications, London},
      YEAR = {2008},
     PAGES = {xii+337},
      ISBN = {978-1-904987-88-8},
   MRCLASS = {03-01 (03B70 68-01 68Q01)},
  MRNUMBER = {2723358},
}


@book {shoenfield,
    AUTHOR = {Shoenfield, Joseph R.},
     TITLE = {Mathematical logic},
 PUBLISHER = {Addison-Wesley Publishing Co., Reading, Mass.-London-Don
              Mills, Ont.},
      YEAR = {1967},
     PAGES = {viii+344},
   MRCLASS = {02.00},
  MRNUMBER = {0225631},
MRREVIEWER = {G. Kreisel},
}

@book{simpson,
  title={Subsystems of second order arithmetic},
  author={Simpson, Stephen G and Simpson, Stephen George},
  volume={1},
  year={2009},
  publisher={Cambridge University Press}
}

@article {pi01classes,
    AUTHOR = {Diamondstone, David E. and Dzhafarov, Damir D. and Soare,
              Robert I.},
     TITLE = {{$\Pi^0_1$} classes, {P}eano arithmetic, randomness, and
              computable domination},
   JOURNAL = {Notre Dame J. Form. Log.},
  FJOURNAL = {Notre Dame Journal of Formal Logic},
    VOLUME = {51},
      YEAR = {2010},
    NUMBER = {1},
     PAGES = {127--159},
      ISSN = {0029-4527,1939-0726},
   MRCLASS = {03D30 (03C62 03D25 03D32)},
  MRNUMBER = {2666574},
MRREVIEWER = {A.\ Ku\v{c}era},
       DOI = {10.1215/00294527-2010-009},
       URL = {https://doi.org/10.1215/00294527-2010-009},
}

@article {jockushsoare,
    AUTHOR = {Jockusch, Jr., Carl G. and Soare, Robert I.},
     TITLE = {{$\Pi \sp{0}\sb{1}$} classes and degrees of theories},
   JOURNAL = {Trans. Amer. Math. Soc.},
  FJOURNAL = {Transactions of the American Mathematical Society},
    VOLUME = {173},
      YEAR = {1972},
     PAGES = {33--56},
      ISSN = {0002-9947,1088-6850},
   MRCLASS = {02F30 (02F35 02G05)},
  MRNUMBER = {316227},
MRREVIEWER = {S.\ Feferman},
       DOI = {10.2307/1996261},
       URL = {https://doi.org/10.2307/1996261},
}

@book {soare1,
    AUTHOR = {Soare, Robert I.},
     TITLE = {Recursively enumerable sets and degrees},
    SERIES = {Perspectives in Mathematical Logic},
      NOTE = {A study of computable functions and computably generated sets},
 PUBLISHER = {Springer-Verlag, Berlin},
      YEAR = {1987},
     PAGES = {xviii+437},
      ISBN = {3-540-15299-7},
   MRCLASS = {03-02 (03D20 03D25 03D30)},
  MRNUMBER = {882921},
MRREVIEWER = {Peter\ G.\ Hinman},
       DOI = {10.1007/978-3-662-02460-7},
       URL = {https://doi.org/10.1007/978-3-662-02460-7},
}

@book {soare2,
    AUTHOR = {Soare, Robert I.},
     TITLE = {Turing computability},
    SERIES = {Theory and Applications of Computability},
      NOTE = {Theory and applications},
 PUBLISHER = {Springer-Verlag, Berlin},
      YEAR = {2016},
     PAGES = {xxxvi+263},
      ISBN = {978-3-642-31932-7; 978-3-642-31933-4},
   MRCLASS = {03-02 (03D10 03D15 03D25 03D28 03D30 03D80 03E60)},
  MRNUMBER = {3496974},
MRREVIEWER = {Peter\ Cholak},
       DOI = {10.1007/978-3-642-31933-4},
       URL = {https://doi.org/10.1007/978-3-642-31933-4},
}

@article{morley,
  title={Categoricity in power},
  author={Morley, Michael},
  journal={Transactions of the American Mathematical Society},
  volume={114},
  number={2},
  pages={514--538},
  year={1965}
}

@article {kuekersuperstable,
    AUTHOR = {Buechler, Steven},
     TITLE = {Kueker's conjecture for superstable theories},
   JOURNAL = {J. Symbolic Logic},
  FJOURNAL = {The Journal of Symbolic Logic},
    VOLUME = {49},
      YEAR = {1984},
    NUMBER = {3},
     PAGES = {930--934},
      ISSN = {0022-4812,1943-5886},
   MRCLASS = {03C45 (03C35)},
  MRNUMBER = {758944},
MRREVIEWER = {Daniel\ Lascar},
       DOI = {10.2307/2274146},
       URL = {https://doi.org/10.2307/2274146},
}

@article {primersimpletheories,
    AUTHOR = {Grossberg, Rami and Iovino, Jos\'{e} and Lessmann, Olivier},
     TITLE = {A primer of simple theories},
   JOURNAL = {Arch. Math. Logic},
  FJOURNAL = {Archive for Mathematical Logic},
    VOLUME = {41},
      YEAR = {2002},
    NUMBER = {6},
     PAGES = {541--580},
      ISSN = {0933-5846,1432-0665},
   MRCLASS = {03C45 (03C50)},
  MRNUMBER = {1923196},
MRREVIEWER = {G.\ Cherlin},
       DOI = {10.1007/s001530100126},
       URL = {https://doi.org/10.1007/s001530100126},
}

@book {cnk,
    AUTHOR = {Chang, C. C. and Keisler, H. J.},
     TITLE = {Model theory},
    SERIES = {Studies in Logic and the Foundations of Mathematics},
    VOLUME = {73},
   EDITION = {Third},
 PUBLISHER = {North-Holland Publishing Co., Amsterdam},
      YEAR = {1990},
     PAGES = {xvi+650},
      ISBN = {0-444-88054-2},
   MRCLASS = {03Cxx (03-01 03C57 03C95 03H05)},
  MRNUMBER = {1059055},
}