@online{inflation,
	title = {Historical U.S. Inflation Rate by Year: 1929 to 2025},
	author = {Hiranmayi Srinivasan},
	year = 2025,
	url = {https://www.investopedia.com/inflation-rate-by-year-7253832},
	urldate = {2025-04-20}
}

@online{unemployment,
	title = {Historical U.S. Unemployment Rate by Year},
	author = {Nathan Reiff},
	year = 2024,
	url = {https://www.investopedia.com/historical-us-unemployment-rate-by-year-7495494},
	urldate = {2025-04-20}
}

@online{corrix,
	title = {Data 101: Correlation - What is it and how do you use it?},
	author = {mySidewalk},
	year = 2016,
	url = {https://medium.com/community-pulse/data-101-correlation-what-is-it-and-how-do-you-use-it-720652a15bc7},
	urldate = {2025-04-20}
}

