@article{Hashimoto_2017,
   title={Out-of-time-order correlators in quantum mechanics},
   volume={2017},
   ISSN={1029-8479},
   url={http://dx.doi.org/10.1007/JHEP10(2017)138},
   DOI={10.1007/jhep10(2017)138},
   number={10},
   journal={Journal of High Energy Physics},
   publisher={Springer Science and Business Media LLC},
   author={Hashimoto, Koji and Murata, Keiju and Yoshii, Ryosuke},
   year={2017},
   month={Oct}
}

@article{romatschke2021quantum,
  title={Quantum mechanical out-of-time-ordered-correlators for the anharmonic (quartic) oscillator},
  author={Romatschke, Paul},
  journal={Journal of High Energy Physics},
  volume={2021},
  number={1},
  pages={1--18},
  year={2021},
  publisher={Springer}
}